<record><leader>00000cas a22000007a 4500</leader><controlfield tag="001">12889774</controlfield><controlfield tag="008">851210d192u1928utuwr ne      0    0eng d</controlfield><datafield ind1=" " ind2=" " tag="010"><subfield code="a">sn 85058330 </subfield></datafield><datafield ind1=" " ind2=" " tag="040"><subfield code="a">UNP</subfield><subfield code="b">eng</subfield><subfield code="c">UNP</subfield><subfield code="d">OCLCQ</subfield></datafield><datafield ind1=" " ind2=" " tag="042"><subfield code="a">msc</subfield></datafield><datafield ind1="0" ind2="0" tag="245"><subfield code="a">Murray eagle and Midvale journal.</subfield></datafield><datafield ind1="1" ind2="7" tag="246"><subfield code="a">Murray eagle</subfield></datafield><datafield ind1="3" ind2="0" tag="246"><subfield code="a">Midvale journal</subfield></datafield><datafield ind1=" " ind2=" " tag="260"><subfield code="a">Murray City, Utah :</subfield><subfield code="b">Jordan Pub. Co. and Murray Press,</subfield><subfield code="c">-1928.</subfield></datafield><datafield ind1=" " ind2=" " tag="300"><subfield code="a">v. :</subfield><subfield code="b">ill.</subfield></datafield><datafield ind1=" " ind2=" " tag="310"><subfield code="a">Weekly</subfield></datafield><datafield ind1="0" ind2=" " tag="362"><subfield code="a">-v. 37, no. 31 (Jan. 19, 1928).</subfield></datafield><datafield ind1=" " ind2=" " tag="500"><subfield code="a">Issues for &lt;, Jan. 8-Feb. 17, 1927&gt; contain section titled: Draper journal, which carries its own numbering: &lt;, Vol. 1, no. 35-v. 1, no. 40&gt;.</subfield></datafield><datafield ind1=" " ind2=" " tag="580"><subfield code="a">Published simultaneously in Midvale, Utah, with title: Midvale journal and Murray eagle.</subfield></datafield><datafield ind1=" " ind2=" " tag="588"><subfield code="a">Description based on: Vol. 36, no. 30 (Jan. 8, 1927).</subfield></datafield><datafield ind1="0" ind2="2" tag="730"><subfield code="a">Draper journal.</subfield></datafield><datafield ind1=" " ind2=" " tag="752"><subfield code="a">United States</subfield><subfield code="b">Utah</subfield><subfield code="c">Salt Lake</subfield><subfield code="d">Murray.</subfield></datafield><datafield ind1="0" ind2="0" tag="785"><subfield code="t">Murray eagle</subfield><subfield code="w">(DLC)sn 85058334</subfield><subfield code="w">(OCoLC)12902128</subfield></datafield><datafield ind1="0" ind2=" " tag="787"><subfield code="t">Midvale journal and Murray eagle</subfield><subfield code="w">(DLC)sn 85058324</subfield><subfield code="w">(OCoLC)12878980</subfield></datafield><datafield ind1="1" ind2=" " tag="029"><subfield code="a">AU@</subfield><subfield code="b">000023601901</subfield></datafield></record>